@book{cauchy1821,
  author = {A.-L. Cauchy},
  title = {Cours d'Analyse},
  year = {1821}
}
@book{schwarz1888,
  author = {H. A. Schwarz},
  title = {Gesammelte Mathematische Abhandlungen},
  year = {1888}
}
@book{hilbert1904,
  author = {D. Hilbert},
  title = {Grundzüge einer Allgemeinen Theorie der Linearen Integralgleichungen},
  year = {1904}
}
@book{bernoulli1713,
  author = {J. Bernoulli},
  title = {Ars Conjectandi},
  year = {1713}
}
@book{laplace1812,
  author = {P.-S. Laplace},
  title = {Théorie Analytique des Probabilités},
  year = {1812}
}
@article{lyapunov1901,
  author = {A. Lyapunov},
  title = {Über den zentralen Grenzwertsatz der Wahrscheinlichkeitsrechnung},
  year = {1901}
}
@article{kullback1951,
  author = {S. Kullback and R. A. Leibler},
  title = {On information and sufficiency},
  journal = {Annals of Mathematical Statistics},
  year = {1951}
}
@book{gibbs1873,
  author = {J. W. Gibbs},
  title = {A Method of Geometrical Representation of Thermodynamic Properties},
  year = {1873}
}
@article{shannon1948,
  author = {C. E. Shannon},
  title = {A mathematical theory of communication},
  journal = {Bell System Technical Journal},
  year = {1948}
}
@article{jensen1906,
  author = {J. L. W. V. Jensen},
  title = {Sur les fonctions convexes},
  journal = {Acta Mathematica},
  year = {1906}
}
@article{cauchy1847,
  author = {A.-L. Cauchy},
  title = {Méthode générale pour la résolution des systèmes d'équations simultanées},
  year = {1847}
}
@book{rockafellar1970,
  author = {R. T. Rockafellar},
  title = {Convex Analysis},
  year = {1970}
}
@article{vonneumann1928,
  author = {J. von Neumann},
  title = {Zur Theorie der Gesellschaftsspiele},
  journal = {Mathematische Annalen},
  year = {1928}
}
@article{ito1944,
  author = {K. Itô},
  title = {Stochastic integral},
  journal = {Proc. Imp. Acad. Tokyo},
  year = {1944}
}
@article{hyvarinen2005,
  author = {A. Hyvärinen},
  title = {Estimation of non-normalized statistical models by score matching},
  journal = {Journal of Machine Learning Research},
  year = {2005}
}
@misc{kingma2013,
  author = {D. P. Kingma and M. Welling},
  title = {Auto-encoding variational Bayes},
  year = {2013},
  eprint = {arXiv:1312.6114}
}
@inproceedings{goodfellow2014,
  author = {I. Goodfellow and others},
  title = {Generative adversarial nets},
  booktitle = {Advances in Neural Information Processing Systems},
  year = {2014}
}
@inproceedings{sohldickstein2015,
  author = {J. Sohl-Dickstein and others},
  title = {Deep unsupervised learning using nonequilibrium thermodynamics},
  booktitle = {International Conference on Machine Learning},
  year = {2015}
}
@inproceedings{ho2020,
  author = {J. Ho and others},
  title = {Denoising diffusion probabilistic models},
  booktitle = {Advances in Neural Information Processing Systems},
  year = {2020}
}
@inproceedings{rezende2015,
  author = {D. J. Rezende and S. Mohamed},
  title = {Variational inference with normalizing flows},
  booktitle = {International Conference on Machine Learning},
  year = {2015}
}
@inproceedings{liu2016,
  author = {Q. Liu and D. Wang},
  title = {Stein variational gradient descent},
  booktitle = {Advances in Neural Information Processing Systems},
  year = {2016}
}
@article{robbins1951,
  author = {H. Robbins and S. Monro},
  title = {A stochastic approximation method},
  journal = {Annals of Mathematical Statistics},
  year = {1951}
}
@article{polyak1964,
  author = {B. T. Polyak},
  title = {Some methods of speeding up the convergence of iteration methods},
  journal = {USSR Computational Mathematics and Mathematical Physics},
  year = {1964}
}
@article{nesterov1983,
  author = {Y. Nesterov},
  title = {A method for unconstrained convex minimization problem with the rate of convergence $O(1/k^2)$},
  journal = {Doklady AN SSSR},
  year = {1983}
}
@article{duchi2011,
  author = {J. Duchi and E. Hazan and Y. Singer},
  title = {Adaptive subgradient methods for online learning and stochastic optimization},
  journal = {Journal of Machine Learning Research},
  year = {2011}
}
@misc{tieleman2012,
  author = {T. Tieleman and G. Hinton},
  title = {Lecture 6.5 -- RMSProp: Divide the gradient by a running average of its recent magnitude},
  year = {2012},
  howpublished = {COURSERA: Neural Networks for Machine Learning}
}
@inproceedings{kingma2015,
  author = {D. P. Kingma and J. Ba},
  title = {Adam: A method for stochastic optimization},
  booktitle = {International Conference on Learning Representations},
  year = {2015}
}
@book{villani2003,
  author = {C. Villani},
  title = {Topics in Optimal Transportation},
  year = {2003}
}
@inproceedings{johnson2013,
  author = {R. Johnson and T. Zhang},
  title = {Accelerating stochastic gradient descent using predictive variance reduction},
  booktitle = {Advances in Neural Information Processing Systems},
  year = {2013}
}
@inproceedings{defazio2014,
  author = {A. Defazio and F. Bach and S. Lacoste-Julien},
  title = {SAGA: A fast incremental gradient method with support for non-strongly convex composite objectives},
  booktitle = {Advances in Neural Information Processing Systems},
  year = {2014}
}
@article{anderson1982,
  author = {B. D. O. Anderson},
  title = {Reverse-time diffusion equation models},
  journal = {Stochastics},
  year = {1982}
}
@article{girsanov1960,
  author = {I. V. Girsanov},
  title = {On transforming a certain class of stochastic processes by absolutely continuous substitution of measures},
  journal = {Theory of Probability and Its Applications},
  year = {1960}
}
